% Encoding: UTF-8

@Electronic{Docker2018,
  author = {Docker},
  date   = {2018},
  title  = {What is a Container?},
  url    = {https://www.docker.com/resources/what-container},
}

@Electronic{Google2016,
  author       = {Google},
  date         = {2016},
  title        = {Containers at Google},
  url          = {https://cloud.google.com/containers},
  organization = {Google},
  subtitle     = {A better way to develop and deploy applications},
}

@Electronic{Education2020,
  author       = {IBM Cloud Education},
  date         = {2020-09-02},
  title        = {Containers vs. VMs: Whatâ€™s the Difference?},
  url          = {https://www.ibm.com/cloud/blog/containers-vs-vms},
  organization = {IBM Cloud Education},
  urldate      = {2021-03-08},
}

@Electronic{Docker2021,
  author       = {Docker},
  date         = {2021-03-03},
  title        = {How Docker HelpsDevelopment Teams},
  url          = {https://www.docker.com/use-cases},
  organization = {Docker},
}

@Electronic{Kreisa2020,
  author       = {John Kreisa},
  date         = {2020-07-30},
  title        = {Docker Index},
  url          = {https://www.docker.com/blog/docker-index-dramatic-growth-in-docker-usage-affirms-the-continued-rising-power-of-developers/},
  organization = {Docker},
  subtitle     = {Dramatic Growth in Docker Usage Affirms the Continued Rising Power of Developers},
  urldate      = {2021-03-09},
}

@Electronic{Anil2018,
  author       = {Nish Anil and David Coulter and Youssef Victor and John Parente and Genevieve Warren and Maira Wenzel},
  date         = {2018-08-31},
  title        = {What is Docker?},
  url          = {https://docs.microsoft.com/en-us/dotnet/architecture/microservices/container-docker-introduction/docker-defined},
  organization = {Microsoft},
  urldate      = {2021-03-09},
}

@Electronic{Docker2021a,
  author       = {Docker},
  date         = {2021-03-05},
  title        = {Docker overview},
  url          = {https://docs.docker.com/get-started/overview/},
  organization = {Docker},
  urldate      = {2021-03-09},
}

@Electronic{VMWare2021,
  author = {VMWare},
  date   = {2021-02-08},
  title  = {Hypervisor},
  url    = {https://www.vmware.com/topics/glossary/content/hypervisor},
}

@Comment{jabref-meta: databaseType:biblatex;}
