% Encoding: UTF-8

@WWW{kohgadai2020,
  author    = {Ajmal Kohgadai},
  date      = {2020-05-15},
  title     = {Kubernetes Security 101: Risks and 29 Best Practices},
  url       = {https://www.stackrox.com/post/2020/05/kubernetes-security-101/},
  owner     = {nickH},
  timestamp = {2020-12-22},
  year      = {2020},
}

@BOOK{Moore2002,
  title = {Introduction to the Practice of Statistics},
  publisher = {W. H. Freeman},
  year = {2002},
  author = {Moore, David and McCabe, George},
  owner = {jbuy519},
  timestamp = {2014.01.28}
}

@BOOK{Smits2011,
  title = {Onderzoek met SPSS en Excel},
  publisher = {Pearson Education},
  year = {2011},
  author = {Smits, Johan and Edens, Ronald},
  owner = {jbuy519},
  timestamp = {2014.01.23}
}

@Comment{jabref-meta: databaseType:biblatex;}
